@article{aduri2007amber,
  title={AMBER force field parameters for the naturally occurring modified nucleosides in RNA},
  author={Aduri, Raviprasad and Psciuk, Brian T and Saro, Pirro and Taniga, Hariprakash and Schlegel, H Bernhard and SantaLucia, John},
  journal={J. Chem. Theory Comput.},
  volume={3},
  number={4},
  pages={1464--1475},
  year={2007},
  publisher={ACS Publications}
}

@article{cornell1995second,
  title={A second generation force field for the simulation of proteins, nucleic acids, and organic molecules},
  author={Cornell, Wendy D and Cieplak, Piotr and Bayly, Christopher I and Gould, Ian R and Merz, Kenneth M and Ferguson, David M and Spellmeyer, David C and Fox, Thomas and Caldwell, James W and Kollman, Peter A},
  journal={J. Am. Chem. Soc.},
  volume={117},
  number={19},
  pages={5179--5197},
  year={1995},
  publisher={ACS Publications}
}

@article{perez2007refinement,
  title={Refinement of the AMBER force field for nucleic acids: improving the description of $\alpha$/$\gamma$ conformers},
  author={P{\'e}rez, Alberto and March{\'a}n, Iv{\'a}n and Svozil, Daniel and {\v S}poner, Jiri and Cheatham III, Thomas E and Laughton, Charles A and Orozco, Modesto},
  journal={Biophys. J.},
  volume={92},
  number={11},
  pages={3817--3829},
  year={2007},
  publisher={Elsevier}
}

@article{zgarbova2011refinement,
  title={Refinement of the Cornell et al. nucleic acids force field based on reference quantum chemical calculations of glycosidic torsion profiles},
  author={Marie Zgarbov\'a and Michal Otyepka and Ji\v{r}\'{i} \v{S}poner and Arno\v{s}t Ml\'{a}dek and Pavel Ban\'{a}\v{s} and Thomas E. Cheatham and Petr Jure\v{c}ka},
  journal={J. Chem. Theory Comput.},
  volume={7},
  number={9},
  pages={2886--2902},
  year={2011},
  publisher={ACS Publications}
}

@article{parrinello1981polymorphic,
  title={Polymorphic transitions in single crystals: A new molecular dynamics method},
  author={Parrinello, Michele and Rahman, Aneesur},
  journal={J. Appl. Phys.},
  volume={52},
  number={12},
  pages={7182--7190},
  year={1981},
  publisher={American Institute of Physics}
}

@article{bernetti2020pressure,
  title={Pressure control using stochastic cell rescaling},
  author={Bernetti, Mattia and Bussi, Giovanni},
  journal={J. Chem. Phys.},
  volume={153},
  number={11},
  pages={114107},
  year={2020},
  publisher={AIP Publishing LLC}
}
@article{abraham2015gromacs,
  title={{GROMACS}: High performance molecular simulations through multi-level parallelism from laptops to supercomputers},
  author={Abraham, Mark James and Murtola, Teemu and Schulz, Roland and P{\'a}ll, Szil{\'a}rd and Smith, Jeremy C and Hess, Berk and Lindahl, Erik},
  journal={SoftwareX},
  volume={1},
  pages={19--25},
  year={2015},
  publisher={Elsevier}
}

@article{jorgensen1983comparison,
  title={Comparison of simple potential functions for simulating liquid water},
  author={Jorgensen, William L and Chandrasekhar, Jayaraman and Madura, Jeffry D and Impey, Roger W and Klein, Michael L},
  journal={J. Chem. Phys.},
  volume={79},
  number={2},
  pages={926--935},
  year={1983},
  publisher={American Institute of Physics}
}

@article{joung2008determination,
  title={Determination of alkali and halide monovalent ion parameters for use in explicitly solvated biomolecular simulations},
  author={Joung, In Suk and Cheatham III, Thomas E},
  journal={J. Phys. Chem. B},
  volume={112},
  number={30},
  pages={9020--9041},
  year={2008},
  publisher={ACS Publications}
}

@article{darden1993particle,
  title={Particle mesh Ewald: An N log (N) method for Ewald sums in large systems},
  author={Darden, Tom and York, Darrin and Pedersen, Lee},
  journal={J. Chem. Phys.},
  volume={98},
  number={12},
  pages={10089--10092},
  year={1993},
  publisher={American Institute of Physics}
}


@article{efron1986bootstrap,
  title={Bootstrap methods for standard errors, confidence intervals, and other measures of statistical accuracy},
  author={Efron, Bradley and Tibshirani, Robert},
  journal={Stat. Sci.},
  pages={54--75},
  year={1986},
  publisher={JSTOR}
}


@article{souaille2001extension,
title = {Extension to the weighted histogram analysis method: combining umbrella sampling with free energy calculations},
journal = {Comput. Phys. Commun.},
volume = {135},
number = {1},
pages = {40-57},
year = {2001},
author = {Marc Souaille and Benoit Roux},
}


@article{bussi2007canonical,
title = {Canonical sampling through velocity rescaling},
journal = {J. Chem. Phys.},
volume = {126},
number = {},
pages = {014101},
year = {2007},
author = {Bussi, Giovanni and Donadio, Davide and Parrinello, Michele},
}
